@misc{prodemos,
  title  = {Over de Stemwijzer},
  author = {ProDemos},
  year   = {2023},
  url    = {https://home.stemwijzer.nl/over-stemwijzer/},
  note   = {Accessed: 2023-10-09}
}

@misc{kiesraad,
  title  = {Databank verkiezingsuitslagen},
  author = {Kiesraad},
  year   = {2023},
  url    = {https://www.kiesraad.nl/verkiezingen/verkiezingsuitslagen},
  note   = {Accessed: 2023-10-09}
}

@misc{nos,
  title  = {NOS verkiezingsuitslagen},
  author = {NOS},
  year   = {2023},
  url    = {https://app.nos.nl/nieuws/tk2023/},
  note   = {Accessed: 2023-10-09}
}

@misc{kies,
  title  = {Kiesraad stelt uitslag Tweede Kamerverkiezing 22 november 2023 vast},
  author = {Kiesraad},
  year   = {2023},
  url    = {https://www.kiesraad.nl/actueel/nieuws/2023/12/01/kiesraad-stelt-uitslag-tweede-kamerverkiezing-22-november-2023-vast},
  note   = {Accessed: 2023-10-09}
}

@misc{analytics,
  title  = {Mastodon Analytics},
  author = {Mastodon API},
  year   = {2023},
  url    = {https://mastodon-analytics.com/},
  note   = {Accessed: 2023-10-09}
}

@misc{musk,
  title  = {Decentralized social network Mastodon grows to 655K users in wake of Elon Muskâ€™s Twitter takeover},
  author = {Sarah Perez},
  year   = {2022},
  url    = {https://techcrunch.com/2022/11/03/decentralized-social-network-mastodon-grows-to-655k-users-in-wake-of-elon-musks-twitter-takeover/?guccounter=1},
  note   = {Accessed: 2023-10-09}
}